@BOOK{DuHaSt01,
	AUTHOR = "Duda, Richard O. and Hart, Peter E. and Stork, David G.",
	TITLE = "{Pattern Classification}",
	PUBLISHER = "John Wiley \& Sons, Inc.",
	YEAR = "2001",
	address = "New York",
	isbn = {0-471-05669-3}
}

@online{ElTr20,
	title = {{Elasticsearch}},
	author = {Elastic},
	year = {2020},
	url = {https://www.elastic.co/guide/en/elasticsearch/reference/current/transforms.html},
	urldate = {2020-04-07}
}

@online{LoFi20,
	title = {(Logstash filter plugins)},
	author = {Elastic},
	year = {2020},
	url = {https://www.elastic.co/guide/en/logstash/current/filter-plugins.html},
	urldate = {2020-02-18}

}


@online{CoCo20,
	title={(CoCoNet)},
	author = {CoCoNet},
	year = {2020},
	url = {https://www.coconet.de/en/corporate-banking-solutions/payment-cash-management-solution/},
	urldate = {2020-05-05}

}

@Inbook{BeKe19,
	author="Beierle, Christoph and Kern-Isberner, Gabriele",
	title="Maschinelles Lernen",
	bookTitle="Methoden wissensbasierter Systeme: Grundlagen, Algorithmen, Anwendungen",
	year="2019",
	publisher="Springer Fachmedien Wiesbaden",
	address="Wiesbaden",
	pages="99--160",
	abstract="{\"A}hnlich wie es grundlegende Schwierigkeiten gibt, den Begriff der k{\"u}nstlichen Intelligenz exakt zu definieren, gilt dies auch f{\"u}r den Begriff des maschinellen Lernens. Beide Begriffe stehen n{\"a}mlich in einem {\"a}hnlichen Verh{\"a}ltnis zueinander, wie dies auch die Begriffe der Intelligenz und des Lernens tun. Intelligentes Verhalten wird oft eng mit der F{\"a}higkeit des Lernens verkn{\"u}pft; in der Tat spielt bei der Entwicklung der Intelligenz beim Menschen die Lernf{\"a}higkeit eine ganz entscheidende Rolle.",
	isbn="978-3-658-27084-1",
	doi="10.1007/978-3-658-27084-1_5",
	url="https://doi.org/10.1007/978-3-658-27084-1_5"
}


@article{AgImSw93,
	author = {Agrawal, Rakesh and Imieliundefinedski, Tomasz and Swami, Arun},
	title = {Mining Association Rules between Sets of Items in Large Databases},
	year = {1993},
	issue_date = {June 1993},
	publisher = {Association for Computing Machinery},
	address = {New York, NY, USA},
	volume = {22},
	number = {2},
	issn = {0163-5808},
	url = {https://doi.org/10.1145/170036.170072},
	doi = {10.1145/170036.170072},
	journal = {SIGMOD Rec.},
	month = jun,
	pages = {207–216},
	numpages = {10}
}


@BOOK{Con97,
  AUTHOR =       "Stefan Conrad",
  TITLE =        "{Föderierte Datenbanksysteme: Konzepte der Datenintegration}",
  PUBLISHER =    "Springer Verlag",
  YEAR =         "1997",
  address =      "Berlin",
  isbn = {9783642590283},
  doi = {10.1007/978-3-642-59028-3}
}
@BOOK{PeHe97,
  AUTHOR =       "David A. Patterson and John L. Hennessy",
  TITLE =        "{Computer Organization and Design}",
  PUBLISHER =    "Morgan Kaufmann Publishers",
  YEAR =         "2004",
  address =      "San Francisco"
}
@InProceedings{IWNLP,
  author    = {Liebeck, Matthias  and  Conrad, Stefan},
  title     = {{IWNLP: Inverse Wiktionary for Natural Language Processing}},
  booktitle = {Proceedings of the 53rd Annual Meeting of the Association for Computational Linguistics and the 7th International Joint Conference on Natural Language Processing (Volume 2: Short Papers)},
  month     = {July},
  year      = {2015},
  address   = {Beijing, China},
  publisher = {Association for Computational Linguistics},
  pages     = {414--418},
  url       = {http://www.aclweb.org/anthology/P15-2068}
}
@InProceedings{liebeck-esau-conrad:2016:ArgMining2016,
  author    = {Liebeck, Matthias  and  Esau, Katharina  and  Conrad, Stefan},
  title     = {What to Do with an Airport? Mining Arguments in the German Online Participation Project Tempelhofer Feld},
  booktitle = {Proceedings of the Third Workshop on Argument Mining (ArgMining2016)},
  month     = {August},
  year      = {2016},
  address   = {Berlin, Germany},
  publisher = {Association for Computational Linguistics},
  pages     = {144--153},
  url       = {http://www.aclweb.org/anthology/W16-2817}
}
@online{ILSVRC2016,
  title     = {{ILSVRC 2016}},
  author    = {{ILSVRC2016}},
  year      = {2017},
  url       = {http://image-net.org},
  urldate   = {2017-07-17}
}
@article{iqbal2007underwater,
	title={Underwater Image Enhancement Using an Integrated Colour Model.},
	author={Iqbal, Kashif and Salam, Rosalina Abdul and Osman, Azam and Talib, Abdullah Zawawi},
	journal={IAENG International Journal of Computer Science},
	volume={34},
	number={2},
	year={2007},
	publisher={Citeseer}
}
